@article{alexnet,
  author = "Alex Krizhevsky, Ilya Sutskever, and Geoffrey E. Hinton",
  title = "ImageNet Classification with Deep Convolutional Neural Networks",
  howpublished = "\url{https://proceedings.neurips.cc/paper/2012/file/c399862d3b9d6b76c8436e924a68c45b-Paper.pdf}",
  year = "2012", 
  note = "Online; accessed 21-October-2022"
}

@article{DBLP:journals/corr/abs-1804-07612,
  author    = {Dominic Masters and
               Carlo Luschi},
  title     = {Revisiting Small Batch Training for Deep Neural Networks},
  journal   = {CoRR},
  volume    = {abs/1804.07612},
  year      = {2018},
  url       = {http://arxiv.org/abs/1804.07612},
  eprinttype = {arXiv},
  eprint    = {1804.07612},
  timestamp = {Mon, 13 Aug 2018 16:48:13 +0200},
  biburl    = {https://dblp.org/rec/journals/corr/abs-1804-07612.bib},
  bibsource = {dblp computer science bibliography, https://dblp.org}
}

@article{ILSVRC15,
Author = {Olga Russakovsky and Jia Deng and Hao Su and Jonathan Krause and Sanjeev Satheesh and Sean Ma and Zhiheng Huang and Andrej Karpathy and Aditya Khosla and Michael Bernstein and Alexander C. Berg and Li Fei-Fei},
Title = {{ImageNet Large Scale Visual Recognition Challenge}},
Year = {2015},
journal   = {International Journal of Computer Vision (IJCV)},
doi = {10.1007/s11263-015-0816-y},
volume={115},
number={3},
pages={211-252}
}

@article{DBLP:journals/corr/HeZRS15,
  author    = {Kaiming He and
               Xiangyu Zhang and
               Shaoqing Ren and
               Jian Sun},
  title     = {Deep Residual Learning for Image Recognition},
  journal   = {CoRR},
  volume    = {abs/1512.03385},
  year      = {2015},
  url       = {http://arxiv.org/abs/1512.03385},
  eprinttype = {arXiv},
  eprint    = {1512.03385},
  timestamp = {Wed, 17 Apr 2019 17:23:45 +0200},
  biburl    = {https://dblp.org/rec/journals/corr/HeZRS15.bib},
  bibsource = {dblp computer science bibliography, https://dblp.org}
}